<record><leader>00000cas a22000007a 4500</leader><controlfield tag="001">21915227</controlfield><controlfield tag="008">900625d18791884mouwr ne      0    0eng d</controlfield><datafield ind1=" " ind2=" " tag="010"><subfield code="a">sn 90061822 </subfield></datafield><datafield ind1=" " ind2=" " tag="040"><subfield code="a">MQN</subfield><subfield code="b">eng</subfield><subfield code="c">MQN</subfield><subfield code="d">MGN</subfield><subfield code="d">CNK</subfield><subfield code="d">OCLCQ</subfield><subfield code="d">OCLCF</subfield><subfield code="d">OCLCO</subfield></datafield><datafield ind1="1" ind2=" " tag="029"><subfield code="a">AU@</subfield><subfield code="b">000025855994</subfield></datafield><datafield ind1=" " ind2=" " tag="042"><subfield code="a">msc</subfield></datafield><datafield ind1=" " ind2=" " tag="043"><subfield code="a">n-us-mo</subfield></datafield><datafield ind1="0" ind2=" " tag="130"><subfield code="a">Jewish tribune (Saint Louis, Mo.)</subfield></datafield><datafield ind1="1" ind2="4" tag="245"><subfield code="a">The Jewish tribune.</subfield></datafield><datafield ind1=" " ind2=" " tag="260"><subfield code="a">St. Louis [Mo.] :</subfield><subfield code="b">Tribune Pub. Co.,</subfield><subfield code="c">1879-1884.</subfield></datafield><datafield ind1=" " ind2=" " tag="300"><subfield code="a">v.</subfield></datafield><datafield ind1=" " ind2=" " tag="310"><subfield code="a">Weekly</subfield></datafield><datafield ind1="0" ind2=" " tag="362"><subfield code="a">Vol. 1, no. 1 (Aug. 29, 1879)-v. 20, no. 3 (Apr. 25, 1884).</subfield></datafield><datafield ind1=" " ind2=" " tag="500"><subfield code="a">Published simultaneously in Cincinnati, St. Louis and Chicago, Apr. &lt;18&gt;-25, 1884.</subfield></datafield><datafield ind1=" " ind2=" " tag="515"><subfield code="a">Issues for Aug. 10, 1883-Apr. 4, 1884 called new ser., v. 1, no. 1-new ser., v. 2, no. 14; issues for Apr. &lt;18&gt;-25, 1884 called v. 20, no. &lt;2&gt;-v. 20, no. 3.</subfield></datafield><datafield ind1=" " ind2=" " tag="515"><subfield code="a">Issues for for Oct. 6, 1882-Apr. 25, 1884 called also whole no. 164-whole no. 245.</subfield></datafield><datafield ind1=" " ind2="0" tag="650"><subfield code="a">Jewish newspapers</subfield><subfield code="z">Missouri.</subfield></datafield><datafield ind1=" " ind2="7" tag="650"><subfield code="a">Jewish newspapers.</subfield><subfield code="2">fast</subfield><subfield code="0">(OCoLC)fst00982872</subfield></datafield><datafield ind1=" " ind2="7" tag="651"><subfield code="a">Missouri.</subfield><subfield code="2">fast</subfield><subfield code="0">(OCoLC)fst01204724</subfield></datafield><datafield ind1=" " ind2=" " tag="752"><subfield code="a">United States</subfield><subfield code="b">Ohio</subfield><subfield code="c">Hamilton</subfield><subfield code="d">Cincinnati.</subfield></datafield><datafield ind1=" " ind2=" " tag="752"><subfield code="a">United States</subfield><subfield code="b">Missouri</subfield><subfield code="d">Saint Louis.</subfield></datafield><datafield ind1=" " ind2=" " tag="752"><subfield code="a">United States</subfield><subfield code="b">Illinois</subfield><subfield code="c">Cook</subfield><subfield code="d">Chicago.</subfield></datafield><datafield ind1="0" ind2="4" tag="785"><subfield code="t">American Israelite (Cincinnati, Ohio : 1874)</subfield><subfield code="w">(DLC)sn 85025894</subfield></datafield></record>